<record><leader>00000cas a2200000 a 4500</leader><controlfield tag="001">12195590</controlfield><controlfield tag="008">850625d18991908ksuwr ne      0    0eng d</controlfield><datafield ind1=" " ind2=" " tag="010"><subfield code="a">sn 85031624 </subfield></datafield><datafield ind1=" " ind2=" " tag="040"><subfield code="a">KSH</subfield><subfield code="b">eng</subfield><subfield code="c">KSH</subfield><subfield code="d">NPT</subfield><subfield code="d">OCL</subfield><subfield code="d">OCLCQ</subfield></datafield><datafield ind1=" " ind2=" " tag="042"><subfield code="a">msc</subfield></datafield><datafield ind1="0" ind2="4" tag="245"><subfield code="a">The Utica enterprise.</subfield></datafield><datafield ind1=" " ind2=" " tag="260"><subfield code="a">Utica, Kan. :</subfield><subfield code="b">Paul Klein</subfield></datafield><datafield ind1=" " ind2=" " tag="300"><subfield code="a">v. :</subfield><subfield code="b">ill. ;</subfield><subfield code="c">55-60 cm.</subfield></datafield><datafield ind1=" " ind2=" " tag="310"><subfield code="a">Weekly,</subfield><subfield code="b">July 6, 190l-</subfield></datafield><datafield ind1=" " ind2=" " tag="321"><subfield code="a">Biweekly,</subfield><subfield code="b">&lt;June 10, 1899&gt;-June 22, 1906</subfield></datafield><datafield ind1="1" ind2=" " tag="362"><subfield code="a">Began in May 1899; ceased with May 22, 1908 issue?</subfield></datafield><datafield ind1=" " ind2=" " tag="500"><subfield code="a">Published by Earl Hoffer, July 6, 1901-May 22, 1908.</subfield></datafield><datafield ind1=" " ind2=" " tag="588"><subfield code="a">Description based on: Vol. 1, no. 4 (June 10, 1899).</subfield></datafield><datafield ind1=" " ind2=" " tag="752"><subfield code="a">United States</subfield><subfield code="b">Kansas</subfield><subfield code="c">Ness</subfield><subfield code="d">Utica.</subfield></datafield><datafield ind1="0" ind2="5" tag="780"><subfield code="t">Ransom journal</subfield><subfield code="g">Aug. 27, 1904</subfield><subfield code="w">(DLC)sn 85031609</subfield></datafield><datafield ind1="0" ind2="0" tag="785"><subfield code="t">Enterprise (Utica, Kan.)</subfield><subfield code="w">(DLC)sn 85031625</subfield></datafield></record>